@ARTICLE{5582081, 
author={Ge Nong and Sen Zhang and Wai Hong Chan}, 
journal={Computers, IEEE Transactions on}, 
title={Two Efficient Algorithms for Linear Time Suffix Array Construction}, 
year={2011}, 
volume={60}, 
number={10}, 
pages={1471-1484}, 
keywords={computational complexity;data structures;sorting;design framework;divide-and-conquer technique;fixed-length d-critical substrings;induced sorting algorithm;linear time complexity;linear time suffix array construction;radix sorting algorithm;recursion technique;sampled substrings sorting;variable-length leftmost S-type substrings;Algorithm design and analysis;Arrays;Construction industry;Indexes;Least squares approximation;Merging;Sorting;Suffix array;divide-and-conquer.;linear time}, 
doi={10.1109/TC.2010.188}, 
ISSN={0018-9340},}

@TECHREPORT{Burrows94ablock-sorting,
    author = {M. Burrows and D. J. Wheeler},
    title = {A block-sorting lossless data compression algorithm},
    institution = {},
    year = {1994}
}

@article{Bentley:1986:LAD:5684.5688,
 author = {Bentley, Jon Louis and Sleator, Daniel D. and Tarjan, Robert E. and Wei, Victor K.},
 title = {A locally adaptive data compression scheme},
 journal = {Commun. ACM},
 issue_date = {April 1986},
 volume = {29},
 number = {4},
 month = apr,
 year = {1986},
 issn = {0001-0782},
 pages = {320--330},
 numpages = {11},
 url = {http://doi.acm.org/10.1145/5684.5688},
 doi = {10.1145/5684.5688},
 acmid = {5688},
 publisher = {ACM},
 address = {New York, NY, USA},
} 

@ARTICLE{4051119, 
author={Huffman, D.A.}, 
journal={Proceedings of the IRE}, 
title={A Method for the Construction of Minimum-Redundancy Codes}, 
year={1952}, 
volume={40}, 
number={9}, 
pages={1098-1101}, 
keywords={Transmitters}, 
doi={10.1109/JRPROC.1952.273898}, 
ISSN={0096-8390},}

@article{Schwartz:1964:GCP:363958.363991,
 author = {Schwartz, Eugene S. and Kallick, Bruce},
 title = {Generating a canonical prefix encoding},
 journal = {Commun. ACM},
 issue_date = {March 1964},
 volume = {7},
 number = {3},
 month = mar,
 year = {1964},
 issn = {0001-0782},
 pages = {166--169},
 numpages = {4},
 url = {http://doi.acm.org/10.1145/363958.363991},
 doi = {10.1145/363958.363991},
 acmid = {363991},
 publisher = {ACM},
 address = {New York, NY, USA},
} 
